<record><leader>00000cas a2200000 a 4500</leader><controlfield tag="001">43064819</controlfield><controlfield tag="008">991220u1917uuuufluwr ne      0    0eng c</controlfield><datafield ind1=" " ind2=" " tag="010"><subfield code="a">sn 99027035 </subfield></datafield><datafield ind1=" " ind2=" " tag="040"><subfield code="a">FUG</subfield><subfield code="b">eng</subfield><subfield code="c">FUG</subfield><subfield code="d">OCLCQ</subfield><subfield code="d">OCLCF</subfield><subfield code="d">OCLCO</subfield></datafield><datafield ind1=" " ind2=" " tag="042"><subfield code="a">pcc</subfield></datafield><datafield ind1=" " ind2=" " tag="043"><subfield code="a">n-us-fl</subfield></datafield><datafield ind1="0" ind2=" " tag="130"><subfield code="a">Florida free press (Lake City, Fla.)</subfield></datafield><datafield ind1="1" ind2="4" tag="245"><subfield code="a">The Florida free press.</subfield></datafield><datafield ind1=" " ind2=" " tag="260"><subfield code="a">Lake City, Fla. :</subfield><subfield code="b">Index Print. Co.</subfield></datafield><datafield ind1=" " ind2=" " tag="300"><subfield code="a">v. :</subfield><subfield code="b">ill. ;</subfield><subfield code="c">56 cm.</subfield></datafield><datafield ind1=" " ind2=" " tag="310"><subfield code="a">Weekly</subfield></datafield><datafield ind1="1" ind2=" " tag="362"><subfield code="a">Began in Mar. 1917.</subfield></datafield><datafield ind1=" " ind2=" " tag="500"><subfield code="a">"Our weekly state paper."</subfield></datafield><datafield ind1=" " ind2=" " tag="588"><subfield code="a">Description based on: Vol. 2, no. 43 (Oct. 23, 1917).</subfield></datafield><datafield ind1=" " ind2=" " tag="588"><subfield code="a">Latest issue consulted: Vol. 3, no. 47 (Apr. 2, 1918).</subfield></datafield><datafield ind1=" " ind2="0" tag="651"><subfield code="a">Lake City (Fla.)</subfield><subfield code="v">Newspapers.</subfield></datafield><datafield ind1=" " ind2="0" tag="651"><subfield code="a">Columbia County (Fla.)</subfield><subfield code="v">Newspapers.</subfield></datafield><datafield ind1=" " ind2="7" tag="655"><subfield code="a">Newspapers.</subfield><subfield code="2">fast</subfield><subfield code="0">(OCoLC)fst01423814</subfield></datafield><datafield ind1=" " ind2="7" tag="651"><subfield code="a">Florida</subfield><subfield code="z">Columbia County.</subfield><subfield code="2">fast</subfield><subfield code="0">(OCoLC)fst01215216</subfield></datafield><datafield ind1=" " ind2="7" tag="651"><subfield code="a">Florida</subfield><subfield code="z">Lake City.</subfield><subfield code="2">fast</subfield><subfield code="0">(OCoLC)fst01212280</subfield></datafield><datafield ind1=" " ind2=" " tag="752"><subfield code="a">United States</subfield><subfield code="b">Florida</subfield><subfield code="c">Columbia</subfield><subfield code="d">Lake City.</subfield></datafield></record>